2444 4290
377 36 423 89 „isi

365 90 430 183 pe

349 202 710 323 sdiiauoncam.
909 277 970 337 271
1123 306 1128 315 .
1204 220 1206 227 ’

55 432 212 516 plurimis
246 425 490 488 charaderibua
531 444 608 486 cum
639 423 691 486 hia
723 425 856 502 innotis.
912 425 967 487 Sic
996 407 1080 521 tex,

56 539 104 602 gr,
143 537 184 576 ex
217 514 289 573 idea
320 513 651 592 Hymeaomycelum
683 510 821 572 demum
852 507 1049 586 liberantur,
1135 548 1154 565 ‹-

55 624 119 667 nec
144 599 450 680 Hypodermiorum
472 615 564 654 more
585 614 716 673 temper
736 598 878 675 iuuat25
899 613 977 657 curn
991 595 1056 659 hoc

56 686 279 769 phienomeno
304 683 423 741 intime
447 679 586 744 coheret
608 681 700 742 locut
723 681 858 749 natalis,
889 693 1056 757 nam,ut
1130 692 1133 697 ·
1193 720 1199 733 .

57 768 256 842 liberentur,
290 781 424 826 necesse
447 779 509 835 ert,
531 778 569 826 ut
597 766 632 826 in
655 766 778 845 plantis
801 765 904 844 magia
926 765 1078 827 destru-.

57 863 118 920 dlii
141 859 169 917 llo
196 852 366 914 dnmlutie
398 852 617 928 explicentur.
662 851 736 928 Quo
774 854 878 926 magis
911 854 1052 926 matrix,

58 947 114 1007 cui
146 943 369 1013 innascuntur·
397 937 641 1003 Selerotixceoe.
672 934 850 1011 dissoluta,
879 951 919 995 ao
950 939 1056 1016 magio

58 1043 137 1089 cunt
167 1023 535 1103 Hymenomycetibus,
573 1039 613 1079 eo
635 1022 745 1081 minua
775 1038 851 1082 cum
878 1020 1056 1103 Hypoder·

25 1122 31 1137 “
57 1115 136 1176 miii
167 1118 359 1186 congruunt
392 1109 420 1166 dr
450 1125 546 1167 versa
577 1106 657 1170 vice.
704 1106 823 1167 Genua
853 1102 1056 1170 Sclerotium

58 1202 115 1258 &e
145 1195 296 1271 exempla
328 1191 433 1252 offert.
481 1193 546 1253 Sed
579 1211 656 1252 cum
687 1192 915 1254 scleratiaceae
946 1193 1056 1271 quoad
1140 1182 1148 1201 ⁸

55 1279 280 1363 vegetationem
302 1277 596 1357 Coniomycetihue
624 1280 795 1355 proxime,
820 1295 937 1337 eorum
962 1297 1056 1352 more

58 1362 189 1427 innalae
215 1370 251 1420 in
286 1361 409 1438 plantio
433 1359 542 1423 adhuc
565 1362 646 1422 vivia
678 1361 778 1423 facile
800 1372 976 1443 vegetant,
999 1364 1056 1426 aed

57 1460 180 1528 utpote
212 1448 523 1526 Hymenomyceter
552 1464 749 1525 numquam,
782 1449 848 1508 niri
886 1447 921 1506 in
944 1449 1056 1527 planta

61 1545 237 1604 emortua,
266 1531 477 1592 fructificant.
525 1532 650 1591 Eadem
675 1535 804 1591 rationo
828 1548 944 1592 omum
967 1532 1055 1596 Pha·

59 1621 224 1689 etaiam,
248 1627 366 1694 utpote
386 1613 562 1695 epiphytae‚
589 1619 623 1676 in
647 1615 742 1677 foliis
760 1616 838 1675 vivit
859 1619 986 1695 optime
1000 1637 1056 1677 re·

57 1715 174 1787 gemm
197 1702 223 1760 dr
246 1719 289 1759 ex
313 1703 523 1766 vegetatione
545 1698 586 1759 ad
609 1700 841 1777 Sclototiaoear
864 1703 1057 1782 pertinent3

60 1791 120 1851 ned
135 1787 277 1844 ⁴demum
301 1787 338 1845 in
358 1784 452 1845 foliis
472 1783 682 1864 putrefadir,
710 1804 728 1844 a
752 1786 781 1843 vi
805 1787 952 1845 matrici·
973 1792 1081 1848 rita·=

59 1875 87 1936 li
113 1871 233 1941 libem,
257 1871 292 1929 in
309 1870 651 1949 „tonge'peeteotiores
675 1869 794 1948 fungor
818 1870 950 1930 abeunt.
996 1873 1054 1933 In-

61 1960 104 2020 de
125 1974 261 2034 quoque
290 1956 419 2033 pendet
447 1968 578 2031 tempas
601 1954 774 2033 utriusque
797 1955 919 2016 ordinis
942 1957 1057 2034 vigen-

59 2047 96 2106 di
119 2039 278 2109 hiemale,
302 2039 389 2117 quod
417 2039 715 2118 Coniumycetibua
738 2042 892 2113 aestivale,
912 2057 1055 2102 naman.

57 2141 92 2188 te
115 2135 346 2203 tempestatem
370 2119 559 2184 brumalem
577 2125 715 2200 matrix,
748 2136 860 2187 aestate
883 2124 969 2203 vira,
997 2130 1056 2189 vix
1125 2153 1129 2160 ·

58 2211 219 2275 dirtoluta
241 2228 270 2272 e.
289 2227 315 2281 e,
338 2227 368 2288 p.

148 2363 190 2421 V.
234 2357 352 2440 Quoad
394 2360 640 2438 vegetationem
679 2370 792 2421 autem
833 2358 1057 2427 Sclerotiaceae

60 2443 183 2528 (HE)
209 2447 360 2523 proxime
381 2447 545 2506 accedunt
574 2444 615 2504 ad
644 2445 900 2508 Tuberculariar
929 2444 986 2527 (E
997 2446 1056 2531 H)
1098 2454 1101 2459 ⁴
1164 2506 1169 2527 ,

60 2551 92 2596 e.
119 2549 166 2610 gr.
191 2529 231 2588 ad
252 2532 456 2607 Aegeritam,
483 2530 656 2590 Euserium
680 2531 760 2611 dec„
782 2549 854 2608 quae
875 2535 978 2591 etiam
1003 2544 1056 2593 ut·
1130 2534 1133 2539 ’

60 2627 140 2696 pote
173 2613 208 2673 in
238 2615 365 2692 plantis
395 2614 533 2671 mortuis
562 2613 668 2673 obvim
696 2612 898 2681 liberantur,
922 2614 979 2675 ted
1005 2619 1056 2677 di·

60 2709 265 2779 gnoscuntur
288 2696 439 2775 eporidiia
461 2699 564 2778 magia
585 2699 735 2758 evolutis.
777 2698 912 2774 Ubique
932 2700 1056 2776 duplex

62 2793 174 2844 exstat
196 2782 420 2859 dispositionis
443 2788 525 2841 ratio
548 2781 654 2841 altera
682 2800 700 2838 e
725 2785 944 2861 vegetatione,
969 2783 1055 2845 alte.

60 2886 97 2927 ra
120 2887 137 2926 e
161 2867 444 2928 fruetificatione:
482 2866 637 2944 equidem
672 2862 759 2925 hanc
796 2877 929 2928 secutur
959 2884 1057 2945 rum3
1085 2919 1091 2925 .

62 2952 119 3012 aad
140 2951 193 3008 oui
222 2952 277 3011 illa
299 2961 446 3032 prestare
475 2952 606 3012 videtur
628 2949 758 3009 ordines
781 2964 906 3012 nostros
927 2954 1056 3035 radian-

60 3047 112 3095 tes
142 3039 288 3106 inderent
319 3047 427 3098 sumat
460 3033 494 3095 h.
529 3053 557 3096 e.
581 3034 809 3100 Sclerotiaceae
837 3055 929 3098 nunc
958 3036 1056 3117 HE,
1121 3096 1124 3101 .

61 3131 136 3180 tum
163 3110 257 3194 E'H3
286 3122 314 3181 &
344 3119 594 3185 Tuberculariae
622 3139 713 3181 nunc
744 3117 838 3198 ΕΗ,
873 3135 947 3185 tum
980 3121 1058 3191 HE
1147 3131 1153 3146 '

62 3222 93 3271 e.
123 3223 147 3263 s.
171 3223 202 3281 p.

146 3322 208 3383 VI.
253 3322 405 3401 Analogae
428 3328 504 3384 sunt
530 3321 758 3386 Solerotiaceae
783 3342 861 3386 cum
882 3323 1055 3403 ordinibus

62 3404 234 3484 epiphytis
264 3407 565 3486 Hyphomycetum
598 3410 975 3488 &Gasteromyoetum
1026 3406 1056 3468 E

61 3487 303 3570 Phylleriacei·
337 3510 459 3571 genera
490 3487 628 3575 Taphrioi
659 3493 687 3552 ἃ
712 3490 883 3575 Ert'oplaca
903 3495 945 3553 ad
966 3490 1055 3556 Scle-
1124 3558 1127 3565 ,

62 3578 227 3635 rotiaceas
253 3577 401 3650 proxime
424 3578 608 3650 accedunt,
636 3578 691 3639 sed
724 3590 764 3635 ut
785 3578 1055 3656 Hyphomyeetet
1113 3586 1123 3603 ²·

62 3660 196 3733 adnata,
221 3657 520 3725 sublimimiter.
544 3681 576 3740 p.
620 3663 726 3743 Magio
754 3668 942 3741 congruunt
964 3662 1055 3723 Peri·
1116 3658 1120 3669 '

63 3745 170 3825 aporia
202 3743 316 3830 (tentu
340 3746 455 3814 latiori
482 3749 607 3833 tutata)
639 3749 668 3810 lt
697 3763 739 3809 ox
762 3743 881 3809 habitu
913 3741 1054 3810 difficile
